@misc{junction,
    author = "Physics World",
    note = "http://physicsworld.com/cws/article/news/2014/aug/25/cracking-the-code-for-single-molecule-junctions"
}